<?xml version="1.0" encoding="UTF-8"?><collection xmlns="http://www.loc.gov/MARC21/slim"><record><leader>00567nam--2200181-i-4500</leader><controlfield tag="001">000013393</controlfield><controlfield tag="002">20161230</controlfield><controlfield tag="005">20161230201030</controlfield><controlfield tag="008">060222s1000------------r-----000-0-fre-d</controlfield><datafield ind1=" " ind2=" " tag="040"><subfield code="a">IFIN-HH</subfield></datafield><datafield ind1=" " ind2=" " tag="041"><subfield code="a">fre</subfield></datafield><datafield ind1=" " ind2=" " tag="080"><subfield code="a">539.184:537.63(043)</subfield></datafield><datafield ind1="1" ind2=" " tag="100"><subfield code="a">Angelie, Christian</subfield></datafield><datafield ind1="1" ind2="0" tag="245"><subfield code="a">Atome d'hydrogen en champ magnetique: approximation adiabatique relativiste en champ fort. etude semiclassique en champ arbitraire</subfield><subfield code="b">These</subfield><subfield code="c">Christian angelie</subfield></datafield><datafield ind1=" " ind2=" " tag="260"><subfield code="a">Paris</subfield><subfield code="b">Universite</subfield><subfield code="c">1979</subfield></datafield><datafield ind1=" " ind2=" " tag="300"><subfield code="a">155 P</subfield></datafield><datafield ind1=" " ind2=" " tag="852"><subfield code="a">48521</subfield><subfield code="c">539.18</subfield></datafield><datafield ind1=" " ind2=" " tag="CAT"><subfield code="a">Sys</subfield><subfield code="c">20120704</subfield><subfield code="h">162854</subfield></datafield></record></collection>